\begin{bibliography}

 @article{RealTime,
 author = {Wan, Zhanyong and Taha, Walid and Hudak, Paul},
 title = {Real-time FRP},
 journal = {SIGPLAN Not.},
 volume = {36},
 issue = {10},
 month = {October},
 year = {2001},
 issn = {0362-1340},
 pages = {146--156},
 numpages = {11},
 url = {http://doi.acm.org/10.1145/507546.507654},
 doi = {http://doi.acm.org/10.1145/507546.507654},
 acmid = {507654},
 publisher = {ACM},
 address = {New York, NY, USA},
}
 
 @inproceedings{EventDriven,
 author = {Wan, Zhanyong and Taha, Walid and Hudak, Paul},
 title = {Event-Driven FRP},
 booktitle = {Proceedings of the 4th International Symposium on Practical Aspects of Declarative Languages},
 series = {PADL '02},
 year = {2002},
 isbn = {3-540-43092-X},
 pages = {155--172},
 numpages = {18},
 url = {http://portal.acm.org/citation.cfm?id=645772.667941},
 acmid = {667941},
 publisher = {Springer-Verlag},
 address = {London, UK},
}

@INPROCEEDINGS{Haskore,
    author = {Paul Hudak},
    title = {Haskore Music Tutorial},
    booktitle = {In Second International School on Advanced Functional Programming},
    year = {1996},
    pages = {38--67},
    publisher = {Springer Verlag}
}

@INPROCEEDINGS{bob,
    author = {Belinda Thom},
    title = {Learning Models for Interactive Melodic Improvisation},
    booktitle = {Proceedings ICMC 99. 190Ð193},
    year = {1999}
}

@INPROCEEDINGS{musicDB,
    author = {Jia-lien Hsu and Chih-chin Liu and Arbee L. P. Chen},
    title = {Efficient repeating pattern finding in music databases},
    booktitle = {In Proceedings of the 1998 ACM 7th International Conference on Information and Knowledge Management},
    year = {1998},
    pages = {281--288}
}

@article{MelodicRecognition,
  author = {Tim Crawford and Costas  S. Iliopoulos and Rajeev Raman},
  title = {String matching  techniques for musical similarity and melodic recognition},
  journal = {Computing in Musicology},
  year = {1998},
  volume = {11},
  number = {},
  pages = {73-100},
  month = {},
  note = {}
}

@inproceedings{slidingWindow,
  author    = {Jia-Lien Hsu and
               Arbee L. P. Chen and
               Hung-Chen Chen},
  title     = {Finding Approximate Repeating Patterns from Sequence Data},
  booktitle = {ISMIR},
  year      = {2004},
  ee        = {http://ismir2004.ismir.net/proceedings/p046-page-246-paper148.pdf},
  crossref  = {DBLP:conf/ismir/2004},
  bibsource = {DBLP, http://dblp.uni-trier.de}
}

@TECHREPORT{Gerhard,
    author = {David Gerhard},
    title = {Computer Music Analysis},
    institution = {},
    year = {1997}
}

@INPROCEEDINGS{FrTime,
    author = {Gregory H. Cooper and Shriram Krishnamurthi},
    title = {Embedding dynamic dataflow in a call-by-value language},
    booktitle = {In European Symposium on Programming},
    year = {2006},
    pages = {294--308}
}

@inproceedings{historic-paper,
 author = {Burton, F. Warren},
 title = {Indeterminate behavior with determinate semantics in parallel programs},
 booktitle = {Proceedings of the fourth international conference on Functional programming languages and computer architecture},
 series = {FPCA '89},
 year = {1989},
 isbn = {0-89791-328-0},
 location = {Imperial College, London, United Kingdom},
 pages = {340--346},
 numpages = {7},
 url = {http://doi.acm.org/10.1145/99370.99402},
 doi = {http://doi.acm.org/10.1145/99370.99402},
 acmid = {99402},
 publisher = {ACM},
 address = {New York, NY, USA},
}

@InProceedings {push-pull-frp,
  author    = {Conal Elliott},
  title     = {Push-pull functional reactive programming},
  booktitle = {Haskell Symposium},
  url       = {http://conal.net/papers/push-pull-frp},
  year      = 2009
}

@MISC{real-time-midi,
    author = {Mark Nelson and Belinda Thom},
    title = {A Survey of Real-Time MIDI Performance},
    year = {2004}
}

 \end{bibliography}
  
  
 
 